<?xml version="1.0" encoding="UTF-8"?><record xmlns="http://www.loc.gov/MARC21/slim" xmlns:cinclude="http://apache.org/cocoon/include/1.0" xmlns:zs="http://www.loc.gov/zing/srw/">
  <leader>00563nz  a2200169n  4500</leader>
  <controlfield tag="001">no2008162332</controlfield>
  <controlfield tag="003">DLC</controlfield>
  <controlfield tag="005">20081106083050.0</controlfield>
  <controlfield tag="008">081104n| acannaabn          |a aaa     c</controlfield>
  <datafield tag="010" ind1=" " ind2=" ">
    <subfield code="a">no2008162332</subfield>
  </datafield>
  <datafield tag="035" ind1=" " ind2=" ">
    <subfield code="a">(OCoLC)oca07926166</subfield>
  </datafield>
  <datafield tag="040" ind1=" " ind2=" ">
    <subfield code="a">SaPrUSA</subfield>
    <subfield code="b">eng</subfield>
    <subfield code="c">SaPrUSA</subfield>
  </datafield>
  <datafield tag="100" ind1="1" ind2=" ">
    <subfield code="a">Jacot Guillarmod, Amy</subfield>
  </datafield>
  <datafield tag="400" ind1="1" ind2=" ">
    <subfield code="a">Guillarmod, Amy Jacot</subfield>
  </datafield>
  <datafield tag="400" ind1="1" ind2=" ">
    <subfield code="a">Jacot Guillarmod, A.</subfield>
    <subfield code="q">(Amy)</subfield>
  </datafield>
  <datafield tag="670" ind1=" " ind2=" ">
    <subfield code="a">Flora of Lesotho (Basutoland), 1971:</subfield>
    <subfield code="b">t.p. (Amy Jacot Guillarmod)</subfield>
  </datafield>
  <datafield tag="670" ind1=" " ind2=" ">
    <subfield code="a">Field studies of six southern African species of Erythrina, 1979:</subfield>
    <subfield code="b">t.p. (A. Jacot Guillarmod)</subfield>
  </datafield>
</record>